Record 1
LDR  00724cam  2200229   45  
001  10562
008  690626s1968    nyua     b    00110 eng  
010       $a 68025338
035       $a (CaOTULAS)112438813
040       $a DLC $c DLC $d m.c. $d CUS
050  0    $a TK7816 $b .O4
100  10   $a Olsen, George Henry
245  10   $a Electronics; a general introduction for the non-specialist $c [by] G. H. Olsen
260  0    $a New York, $b Plenum Press $c [1968]
300       $a 493 p. $b illus. $c 23 cm
500       $a UCSD: INPUT 901 $C VALUE IS 'd'. OUTPUT STATUS CODE SHOULD BE 'd'. (2/02)
504       $a Includes bibliographies
650   0   $a Electronics
901       $a UCSDb1303023 $b sio   $c d
902       $a 890525
910       $a con810826dl
920       $l smono $a TK7816 $b .O4 $v v.

Record 2
