LDR  00798chb  2200253   45  
001  24221
008  691125s1969    nyua     b   00110 eng  
010       $a 70078948
020       $a 444197532
035       $a (CaOTULAS)112445648
040       $a DLC $c DLC $d OCL $d m.c. $d CUS
049       $a CUSO $n msg. 1978 inv.[!31822014479497]
050  0    $a VK555 $b .C869 1969b
090       $a VK555 $b .C869
100  10   $a Cotter, Charles H
245  14   $a The complete nautical astronomer $c [by] Charles H. Cotter
260  0    $a New York, $b American Elsevier Pub. Co., $c 1969
300       $a x, 336 p. $b illus. $c 23 cm
500       $a UCSD PE: INPUT TYPE IS 'h'; CHANGE TO 'a'; BIBLEV IS 'b'. (2/02)
650   0   $a Nautical astronomy
850       $c smono $d VK555 $b .C869 $v v.
901       $a UCSDb13067948 $b sio   $c -
902       $a 890525
910       $a con810928dl

Record 3
