LDR  00923cas  2200289   45  
001  26120
008  690904s1969    mduabd        00110 eng  
010       $a 71079625 //r79
035       $a (CaOTULAS)112445651
040       $a DLC $c DLC $d m.c. $d CUS
050  0    $a VK555 $b .D96 1969
090       $a VK555 $b .D97 1969
100  10   $a Dunlap, G. D., $d 1923-
245  10   $a Dutton's Navigation and piloting
250       $a 12th ed. $b by G. D. Dunlap and H. H. Shufeldt
260  0    $a Annapolis, $b United States Naval Institute $c [1969]
300       $a 715, ii, 25 p. $b illus., charts, maps. $c 27 cm
500       $a UCSD PE: TYPE IS 'a'; BIBLEV IS 's'. (2/02)
650   0   $a Navigation
650   0   $a Nautical astronomy
700  10   $a Dutton, Benjamin, $d 1883-1937
700  10   $a Shufeldt, H. H., $d 1898-
740  00   $a Navigation and piloting
850       $c smono $d VK555 $b .D97 1969 $v v.
901       $a UCSDb13072748 $b sio   $c -
902       $a 890525
910       $a con810928dl

Record 4
