LDR  00950cam  2200265I  45  
001  45705
005  005 FIELD
008  691204s1969    caua         00000 eng  
010       $a 71088212
035       $a (CaOTULAS)112444381
040       $a DLC $c DLC $d CUS
050  0    $a TR850 $b .A57 1969
090       $a TR850 $b .A512 1969
245  00   $a American cinematographer manual. $c Compiled and edited by Arthur C. Miller and Walter Strenge
250       $a 3d ed
260  0    $a Hollywood, $b American Society of Cinematographers $c [1969]
300       $a 650 p. (p. [1]-57, 645-650 advertisements) $b illus. $c 19 cm
500       $a UCSD: RECORD HAS 005, NO 902. DROP INPUT 005 AND CREATE NEW 005 FROM FILEDATE PARM (3/02).
650   0   $a Cinematography $x Handbooks, manuals, etc
700  10   $a Miller, Arthur C.,
700  10   $a Strenge, Walter,
710  20   $a American Society of Cinematographers
901       $a UCSDb1310723 $b sio   $c -
910       $a con810922dl
920       $l smono $a TR850 $b .A512 1969 $v v.

Record 5
