LDR  01609cam  2200481I  45  
001  001 FIELD
002  002 FIELD
003  003 FIELD
004  004 FIELD
005  005 FIELD
008  700206s1967    ne a     b    10110 engm 
009  009 FIELD
010       $a 75440168
035       $a 035 FIELD
040       $a DLC $c DLC $d m.c. $d CUS
041  0    $a engfre
050  0    $a RC48 $b .I57 1966
051       $c Copy 2
096       $a WB 100 I608 1966i
111  20   $a International Congress of Internal Medicine. $n (9th : $d 1966 : $c Amsterdam)
245  10   $a Integration in internal medicine; $b proceedings of the ninth International Congress of Internal Medicine, Amsterdam, 7-10 September 1966, $c organized by the Netherlands Society of Internal Medicine. Editor, A. J. Dunning
260  0    $a Amsterdam, $a New York [etc.] $b Excerpta Medica Foundation $c [1967]
300       $a xv, 559 p. $b illus. $c 25 cm
490  1    $a International congress series, $v no. 137
500       $a UCSD: DROP FLDS: 001/005,009,590,850,852,866/868,886,899,9XX (2/02)
504       $a Includes bibliographies
590       $a 590 FIELD.
650   0   $a Internal medicine $x Congresses
650   2   $a Internal Medicine $x congresses
700  10   $a Dunning, A. J
710  20   $a Nederlandsche Internisten Vereeniging
830   0   $a International congress series. $v no.137
850   0   $a 850 FIELD
852   0   $a 852 FIELD
866   0   $a 866 FIELD
867   0   $a 867 FIELD
868   0   $a 868 FIELD
886   0   $a 886 FIELD
899   0   $a 899 FIELD
901       $a UCSDb1312712 $b bml   $c -
902       $a 890524
910       $a con5aug81rf
920       $l bf1 $a WB 100 I608 1966i $v v.

Record 6
