LDR  02116cam  2200481I  45  
001  153681
008  710723s1971    nyua     b    10100 engm 
010       $a 78141401
020       $a 0808906747
035       $a (CaOTULAS)112435217
040       $a DLC $c DLC $d m.c. $d CUS
050  0    $a RA645.5 $b .S9 1969
096       $a WB 100 S989 1971
111  20   $a Symposium on Emergency Medical Care $d (1969 : $c Philadelphia)
245  10   $a Emergency medical management; $b the twenty-first Hahnemann symposium. $c Edited by Stanley Spitzer [and] Wilbur W. Oaks. Under the general editorship of John H. Moyer
260  0    $a New York, $b Grune & Stratton $c [1971]
300       $a xiii, 477 p. $b illus. $c 26 cm
500       $a UCSD: CREATE 035 FROM 001, ADDING "OCoLC" TO BEGINNING. (2/02)
500       $a UCSD: MULTIPLE INPUT 920s. CREATE HOLDINGS SEGMENTS FOR UNIQUE LOCS ONLY - OUTPUT 852'S FOR LOCS 1,2,3,4,5,8; DROP LOCS 6,7,9,10 (02/02)
500       $a UCSD: CREATE 852 $Z FROM 590 FOR EACH 852 OUTPUT. (02/02)
500       $a UCSD: 2ND LOC, CREATE 852 $H $I FROM 920 $A $B; CREATE 852 $M FROM STAMP IN 920 $A. (2/02)
500       $a UCSD: 3RD & 4TH LOCS, 920 HAS ONLY $A OR $B, CREATE 852 $J. (2/02)
500  0    $a UCSD: 5TH 920 HAS MULTIPLE $A'S & NO $B, OUTPUT SINGLE 852 $J. (2/02)
500       $a UCSD: 8TH 920 HAS MULTIPLE $A's AND SINGLE $B. OUTPUT ALL AS SINGLE 852 $J. (2/02)
590       $a This is an input 590 note.
650   0   $a Emergency medical services $x Congresses
650   2   $a Emergencies $x congresses
700  10   $a Spitzer, Stanley,
700  10   $a Oaks, Wilbur W., $d 1928-
711  20   $a Hahnemann Symposium, $n (21st)
901       $a UCSDb1338065 $b bml   $c -
902       $a 890524
910       $a con6aug81rf
920       $l bf1 $a WB 100 S989 1971 $v v.1-2
920       $l smono $a Sp.Coll.Over QR58 $b .B864e 1961 $v v.
920       $l rkh $a SUBFLD a only $v v.
920       $l cpp $b SUBLFD b only $v v.
920       $l ic $a FirstA $a SecondA $v v.
920       $l bf1 $a WB 100 S989 1971 $v v.3-4
920       $l rkh $a AR 500 S989 1971 $v v.9
920       $l ir $a 1ST$a $a 2ND$a $a 3RD$a $b SUBFLD$b $v v.
920       $l rkh $a BA 900 S989 1971 $v v.
920       $l bf1 $a WB 100 S989 1971 $v v.

Record 8
