LDR  00895cam  2200289   45  
001  333674
008  720601s1972    nyu           00010 eng b
010       $a 72004593
020       $a 0394479254 $a 0394718216 (pbk.)
035       $a (CaOTULAS)112436334
040       $a DLC $c DLC $d CUS
050  0    $a RC81 $b .F82 1972
060       $a WB120 F827p 1972
096       $a WB 120 F827p 1972
100  10   $a Frank, Arthur, $d 1934-
245  14   $a The people's handbook of medical care $c [by] Arthur Frank [and] Stuart Frank
250       $a [1st ed.]
260  0    $a New York, $b Random House $c [1972]
300       $a xiv, 494 p. $c 22 cm
500       $a UCSD MONO: NO 920 $l (LOC CODE), NO 852 CREATED; REJECT (12/05).
650   0   $a Medicine, Popular
650   2   $a Medicine, Popular
700  10   $a Frank, Stuart, $d 1934-     ,
901       $a UCSDb1372688 $b bml   $c -
902       $a 890524
910       $a con10aug81pl
920       $a WB 120 F827p 1972 $v v.

Record 9
