LDR  00760nam  22002531  45  
008  810312s1856    nyu      d    00000beng  
010       $a 04000714
035       $a (CaOTULAS)74598675
046       $c CarP   $a XUS1
050  0    $a CT103 $b .R4 1856
051       $c Copy 2
098  0    $n ov=
099       $a 15524
100  10   $a [Rich, Elihu], $d 1819-1875,
245  10   $a Appletons' cyclopµdia of biography:
260  0    $a New York, $b D. Appleton and company, $c 1856.
300       $a 1058 p. $b illus. $c 27 cm.
500       $a UCSD: ID LENGTH=8; MAINTAIN CHECK DIGIT IN 901 $B (03/02).
650   0   $a Biography $x Dictionaries.
700  10   $a Lilly, Lambert, $d 1798-1866.
901       $a UCSDb19971558 $b cul   $c -
902       $a 900829
920       $l ca $a CT103 $b .R4 1856 $v v.
999       $b 1 $c 881101 $d m $e   $f - $g 0

Record 11
