LDR  01108pam  2200301 a 45  
001  20130742
008  890721s1990    gauaf    b   s00110beng  
010       $a 89-20136
020       $a 0820312010 (alk. paper)
040       $a DLC $c DLC $d CUS
043       $a n-us-sc $a n-usu--
098  0    $n ov=.b3575421
100  10   $a Wilson, Clyde Norman.
245  10   $a Carolina cavalier : $b the life and mind of James Johnston Pettigrew / $c Clyde N. Wilson.
260  0    $a Athens : $b University of Georgia Press, $c c1990.
300       $a xiv, 303 p., [8] p. of plates : $b ill. ; $c 24 cm.
500       $a UCSD: LENGTH ID=7; NO CHECK DIGIT. (02/02)
600  10   $a Pettigrew, James Johnston, $d 1828-1863.
610  10   $a South Carolina. $b General Assembly $x Biography.
610  10   $a Confederate States of America. $b Army $x Biography.
650   0   $a Legislators $z South Carolina $x Biography.
650   0   $a Upper classes $z South Carolina $x History $y 19th century.
650   0   $a Generals $z Southern States $x Biography.
901       $a UCSDb1234567 $b cul   $c -
902       $a 880727
910       $a cq
920       $l ck $a F273.P53 $b W55 1990 $v v.
999       $b 1 $c 900808 $d m $e s $f - $g 0

Record 12
