LDR  01102cas  2200373 ü 45  
001  1769190
008  751101c19609999vaufr1p        uuua0eng  cas ü
010       $a sf 76000239
012       $a 3 $j 0
019       $a 6458375
022  0    $a 00426555
035       $a (CaOTULAS)112649429
035       $a 13186 $b XUSL
040       $a DLC $c MUL $d COO $d NSD $d DLC $d m.c. $d OCL $d AIP $d NSD $d CUS
042       $a nsdp $a lc
043       $a n-us-va
050  0    $a F221 $b .V823
090       $a F221 $b .V8
098       $n ov=.b1445583
110  20   $a Virginia Historical Society.
210  0    $a Occas. bull. - Va. Hist. Soc.
222   3   $a An Occasional bulletin - Virginia Historical Society.
245  03   $a An Occasional bulletin - The Virginia Historical Society.
260  00   $a Richmond, Va., $b Virginia Historical Society.
265       $a 428 North Blvd.
300       $b ill. $c 22 cm.
500       $a UCSD PE: NO 850 $c (LOC CODE), NO 852 CREATED; REJECT (12/05).
850       $a i $d F 221 V8
901       $a UCSDb27236894 $b cul   $c -
902       $a 910718
910       $a CONlr851114
993       $a 27236894
994       $a cul
999       $b 1 $c 901110 $d s $e   $f - $g 3

Record 13
