LDR  01350cas  2200397 ü 45  
001  1789992
008  740411c19719999oncuu4p  o     uu0a0eng  cas ü
010       $a 73648066  $z cn 84311398
012       $a 4 $b 3 $e - $f - $g p $h - $i ----
022  0    $a 0045-2564
035       $a (CaOTULAS)126472468
035       $a 46290 $b XUSL
040       $a DLC $b eng $c DLC $d NLC $d OCL $d NLC $d NST $d AIP $d NLC $d NST $d CUS
042       $a lc $a nlc $a isds/c
043       $a n-cn---
050  0    $a Z1369 $b .B73
098       $n ov=.b1460262
210  0    $a Books Can.
222   0   $a Books in Canada.
245  00   $a Books in Canada.
260  00   $a [Toronto, $b Canadian Review of Books Ltd.]
265       $a 6 Charles St., M4Y IT2.
300       $b ill. $c 28 cm.
362  0    $a v. 1-   July 1971-
500       $a UCSD PE: MOVE INPUT 935 FLD TO OUTPUT 852$X FOR ALL LOCATIONS (02/02).
515       $a Vol. 1, no. 1 preceded by a number dated May 1971, called Introductory ed.
651   0   $a Canada $x Book reviews $x Periodicals.
776  0    $t Books in Canada.  Index and microtext. $c (Toronto, $d 1971) $x 0317-4905.
850       $a t $c ccha $d Z 1369 B73 $e * $g 5-7:1-5,7:7-10,8-18,1990- (1976- )
850       $a t $c ccoa $d Z 1369 B73 $e * $g 5-7:1-5,7:7-10,8-18,1990- (1976- )
901       $a UCSDb27256169 $b cul   $c -
902       $a 910703
910       $a CONbjw851205
935   1   $a 935 FIELD
994       $a cul
999       $b 1 $c 901110 $d s $e   $f - $g 0

Record 14
