LDR  01414cas  2200385 a 45  
001  22612131
008  901031c19849999fr ar         0   a0fre d
010       $a sn 92028058
012       $i 9201
040       $a CUI $c CUI $d IUL $d CUS
042       $a lcd
043       $a e-fr---
050  14   $a AY72 $b .E983
098       $n ov=.b1084641
245  04   $a Les Evâenements de l'annâee / $c par Serge-Allain Rozenblum.
246  13   $a Evâenements politiques, internationaux, âeconomiques et sociaux, culturels et sportifs de l'annâee.
260       $a Paris : $b Revue politique et parlementaire,
265       $a Revue politique et parlementaire, 17, avenue Gourgaud, 75017 Paris, France.
300       $a v. : $b ill. ; $c 24 cm.
310       $a Annual.
362  1    $a Began publication with 1984 ed.
440   0   $a Collection de la RPP.
500       $a Description based on: 1986.
500       $a UCSD: TWO 590 FIELDS, 1 STARTS WITH "SHARED PURCHASE", THE OTHER DOES NOT. OUTPUT BOTH AS 852 $Z'S FOR ALL LOCATIONS (02/02).
590       $a Shared purchase; output as 852 $z note.
590       $a This is not a shared purchase note; output as 852 $z.
650   0   $a Yearbooks $x Periodicals.
651   0   $a France $x Periodicals.
850       $a i $c lf $d AY 72 E983 $g 1985 (1985-1985)
850       $a i $c acc $d AY 83 E872 $g 1981 (1981-1981)
901       $a UCSDb22686642 $b cul   $c -
902       $a 930121
993       $a 22686642
994       $a cul
999       $b 1 $c 930121 $d s $e   $f - $g 4

Record 16
