LDR  02581cas  2200565 a 45  
001  1788884
008  740108c19749999dcuar1   f   f0uuua0eng  
010       $a 73-646537//r86 $z 73-64653
012       $a 2 $b 3 $d 7 $e - $f - $g p $h - $i 8407 $j 0
019       $a 963015 $a 3077581 $a 5841032 $a 14346043
022       $a 0092-1904
035       $a 1007103 $b MULS
040       $a DLC $c DLC $d OCL $d DLC $d m.c. $d GPO $d DLC $d NST $d DLC $d NST $d RCS $d OCL $d NST $d HUL $d GPO $d NST $d GPO
042       $a lc $a nsdp
043       $a n-us---
050  00   $a JK421 $b .A3
060  0    $a JK 421 U57
069  1    $a U02800000
074       $a 577
086  0    $a GS 4.109:
086  0    $a AE 2.108/2:
098       $n ov=.b1275586
130  00   $a United States government manual (Washington, D.C. : 1973)
210  0    $a U. S. gov. man. $b (1974)
222  00   $a United States government manual $b (1974)
245  00   $a United States government manual.
246  30   $a Government organization manual.
260  00   $a Washington, D.C. : $b Office of the Federal Register, National Archives and Records Service, General Services Administration : $b For sale by the Supt. of Docs., U.S. G.P.O., $c [1973-
265       $a Supt. of Docs., U.S. Govt. Print. Off., Washington, DC 20402.
300       $a v. : $b ill. ; $c 24 cm.
310       $a Annual.
362  0    $a 1973/74-
500       $a UCSD PE: 850 $aa, OUTPUT a IN 852 $O, 'Currently received' in 852 $D; 850 $at, OUTPUT 't' IN 852 $O, 'Not currently received' IN 852 $D;  850 $ai, OUTPUT 'i' IN 852 $O, OUTPUT 'Not currently received' IN 852 $D. IF 850 $a IS BLANK, OUTPUT BLANK IN 852 $O, NO $D.  IF 850 $a IS ANYTHING ELSE, DO NOT OUTPUT 852 $O OR $D  (02/02).
651   0   $a United States $x Politics and government $x Handbooks, manuals, etc.
710  10   $a United States. $b Office of the Federal Register.
730  00   $a Federal register.
780  00   $t United States government organization manual $x 0083-1174 $w (DLC)   35026025 $w (OCoLC)8508797.
850       $a a $c crd $d JK 421 U590 $e Lib. retains latest only $g 1995- (1994- )
850       $a t $c cdaus $d GS 4.109: $g 1939-1974,U1975-1979,1980-1985 (1938-1985)
850       $a i $c ak $d GS 4.109: c.2 $g 1964,1974,1979 (1963-1979)
850       $a   $c ird $d JK 421 U590 $e Latest in Ref. $g 1990,U1994 (1989-1994)
850       $c erd $d JK 421 U590 $e LIB. RETAINS LATEST ONLY   $g U1993/94- (1993/94- )
850       $a ard $c rr $d JK 421 U59 $g 1992/93- (1992/93- )
850       $a  $c akx $d JK 421 U59 $g 1992/93- (1992/93- )
901       $a UCSDb22877587 $b multi $c -
902       $a 950103
910       $a mk/ml 900308
993       $a 22877587
994       $a cul $a culd $a ugl $a irps $a se $a cmrr
999       $b 6 $c 900308 $d s $e f $f - $g 0

Record 17
