LDR  02251cms  2200529 a 45  
001  23603807
006  sdr p       0    0
007  cruan 
008  910425c19909999cl         d        eng d
010       $a sn 91019129
012       $i 9104
040       $a COO $c NST $d OCL $d CUS
042       $a lcd
043       $a s-cl---
090       $a JC599.C5 $b C45
098       $n ov=.b3790460
245  00   $a CHIP news $h [computer file] / $c [compiled by] Steve Anderson.
246  1    $i Some issues called: $a Chile news.
260       $a Santiago, Chile : $b Chile Information Project, $c 1990-
310       $a Daily.
362  1    $a Began with: Jan. 1, 1990-
500       $a UCSD MRDF: MRDF RECORD WITH TYPE = 'm', BIBLEV = 's'; PROCESS AS SERIALS RECORD (02/02).
500       $a "Chile Information Project âCHIPâ, hosted by the Vicaria[te] of Solidarity."
506       $a Internet version requires UCSD IP address.
516       $a Electronic newsletter.
520       $a Summaries in English of articles from Chilean newspapers concerning human rights, political and environmental issues.
530       $a Also available at UCSD as paper copy.
538       $a Available via the Internet: http://ssdc.ucsd.edu/news/chip/.  UCSD users may request personal email subscriptions by sending to listserv@ucsd the message: add chile.
650   0   $a Human rights $z Chile $x Periodicals.
650   0   $a Human ecology $z Chile $x Periodicals.
651   0   $a Chile $x Politics and government $y 1988- $x Periodicals.
651   0   $a Chile $x Economic policy $x Periodicals.
690       $a Human rights $z Chile $x Web sites.
690       $a Human ecology $z Chile $x Web sites.
690       $a Infocat.
691       $a Chile $x Politics and government $y 1988- $x Web sites.
691       $a Chile $x Economic policy $x Web sites.
700  1    $a Anderson, Steve.
710  2    $a Chile Information Project.
710  2    $a Catholic Church. $b Archdiocese of Santiago (Chile). $b Vicarâia de la Solidaridad.
850       $a a $c nnet $f Electronic journal $g 1994- (1994-)
856  7    $z Connect to the World Wide Web version (Access restricted to UCSD IP addresses only) $u http://ssdc.ucsd.edu/news/chip/ $2 http.
901       $a UCSDb27441994 $b multi $c -
902       $a 970523
993       $a 27441994
994       $a net $a cul $a irps
999       $b 3 $c 961123 $d s $e   $f - $g 0

Record 18
