LDR  02231nas  2200541   45  
001  8878489
008  850117m19279999mnu           00010 engm 
010       $a 41005629 //r855
040       $a DLC $c DLC $d m.c. $d CUS
043       $a n-us---
049       $a CUSD
050  0    $a KF62 1927 $b .W45
090       $a KF62 $b .W4
098       $n ov=.b1902064
110  10   $a United States
240  10   $a Laws, etc. (U.S. code : 1982 ed.)
245  10   $a United States code annotated
260  0    $a St. Paul, $b West Pub. Co., $c 1927-
300       $a v. in $c 25 cm
500       $a UCSD PE: MULTIPLE 850 FIELDS WITH DUP LOCS. OUTPUT UNIQUE LOCS - 1,2,3,4,7,8,9,11. DROP 5,6,10. (02/02)
500       $a UCSD PE: 1ST 850: NO 850 $d; MOVE 850 $h TO 852 $h & 850 $i TO 852 $i.
500       $a UCSD PE: 2ND 850: HAS NO $d; HAS $h BUT NO $i; MOVE $h TO 852 $j.
500       $a UCSD PE: 3RD 850: HAS $d; HAS 850 $h AND $i; MOVE $d ONLY TO 852 $j.
500       $a UCSD PE: 4TH 850: HAS NO $d, NO $h, NO $i; DO NOT OUTPUT CALL NUMBER.
500       $a UCSD PE: 7TH 850: HAS NO $d, NO $h, HAS $i, DO NOT OUTPUT CALL NUMBER.
500       $a UCSD PE: 11TH 850: UNKNOWN LOC CODE; CREATE 998 WITH ERR MSG (06/02).
650   0   $a Law $z United States
710  20   $a West Publishing Company
710  20   $a Edward Thompson Company
710  11   $a United States. $t Constitution
740  01   $a Constitution of the United States annotated
850       $a a $c ca $g v.1-4 $h move to 852$h $i move to 852 $i $g 1990-
850       $a i $c cph $g v.6-9 $h move to 852$j
850       $a t $c sr $g v.13-16 $d move to 852$j(2) $h don't move $h $i don't move $i
850       $a a $c cra $e Latest in Ref $g 1957- (1957- )
850       $a i $c sr $d Ref Z 1215 P977 $g 1991- (1990- )
850       $a a $c cra $d Ref Z 1215 P977 $g 1991- (1990- )
850       $a a $c er $i move to 852$j $g v.21-40
850       $a q $c rr $d Ref Z 1215 P977 $g 1987-1988 (1987-1988)
850       $c ck $d Ref Z 1215 P977 $g 1987-1988 (1987-1988)
850       $a t $c er $d Ref Z 1215 P977 $e LIB. RETAINS LATEST ONLY $g 1990/91- (1990/91- )
850       $a t $c XX $d Ref Z 1215 P977 $e LIB. RETAINS LATEST ONLY $g 1990/91- (1990/91- )
901       $a UCSDb18216468 $b sshrf $c -
902       $a 010615
910       $a REV mh 850304m
993       $a 18216468
994       $a sshrf
999       $b 1 $c 881101 $d s $e   $f - $g 0

Record 19
LDR  01274nXX  2200373 a 45  
001  25877287
008  920513s1992    moua     b    001 0 eng c
010       $a 92018767
015       $a GB92-48577
019       $a 27147779
019       $a 27217457
020       $a 1556643721
040       $a DNLM/DLC $c DLC $d NLM $d UKM
050  00   $a RC394.W63 $b C46 1992
060  0    $a WV 272 $b C3973 1992
069  0    $a 9206773
260       $a St. Louis : $b Mosby Year Book, $c c1992
300       $a x, 210 p. : $b ill. ; $c 28 cm
500       $a UCSD: NO 245 FIELD, INVALID TYPE AND BIBLVL, UNKNOWN LOC CODE IN 920; TREAT AS MONO; CREATE 4 998 FIELDS, OUTPUT ERROR RECORD (12/05).
650   0   $a Word deafness
650   2   $a Auditory Diseases, Central $x complications
650   2   $a Auditory Diseases, Central $x diagnosis
650   2   $a Auditory Diseases, Central $x therapy
700  1    $a Central auditory processing : $b a transdisciplinary view / $c [edited by] Jack Katz, Nancy A. Stecker, Donald Henderson
700  1    $a Katz, Jack
700  1    $a Stecker, Nancy Austin
700  1    $a Henderson, Donald, $d 1938-
901       $a UCSDb33582269 $b cul   $c -
902       $a 011218
910       $a 920625 jfa general work
920       $l XXX $a RC394.W63 $b C46 1992
993       $a .b33582269
994       $a cul
999       $b 1 $c 941013 $d m $e   $f - $g 0

Record 20
