LDR  01077nas  2200313 a 45  
001  45620810
008  991114s1999    mx       b    000 0 spa  
010       $a 00315357
020       $a 9683679994
040       $a DLC $c DLC
043       $a n-mx---
050  00   $a HC135 $b .R3254 1999
245  04   $a Las regiones en la historia econâomica mexicana, siglo XIX / $c Marâia Eugenia Romero Ibarra, coordinadora
250       $a 1. ed
260       $a Mâexico : $b Facultad de Economâia, $c 1999
300       $a p. ; $c 23 cm
310       $a Semimonthly
500       $a UCSD PE: HAS 920, BUT NO 850 FLD, NO 852 CREATED; REJECT (12/05).
650   0   $a Mexican states $x Economic conditions $y 19th century $v Case studies
651   0   $a Mexico $x Economic conditions $y 19th century $v Case studies
700  1    $a Romero I., Marâia Eugenia $q (Romero Ibarra)
710  2    $a Universidad Nacional Autâonoma de Mâexico. $b Facultad de Economâia
901       $a UCSDb43191836 $b cul   $c -
902       $a 011221
920       $l smono $a TK7816 $b .O4 $v v.
993       $a .b43191836
994       $a cul
994       $a E0 $b CUS
999       $b 1 $c 011221 $d m $e   $f - $g 4

Record 21
