LDR  01324nas  2200397   45  
001  1753672
008  751101c19649999dcusr1   a    0   a0eng  
010       $a 64009362 //r86
012       $a 3 $b 3 $e n $i 8611 $j 1 $k 1 $m 1
022       $a 0020-8264
030       $a IPMAAH
032       $a 267400 $b USPS
040       $a DLC $c MUL $d NSD $d DLC $d NSD $d OCL $d DLC $d RCS $d DLC $d NSD
042       $a nsdp $a lc
050  00   $a RS1 $b .I63
060  0    $a ZQV 704 I61
069  1    $a I29340000
096       $a ZW1 I612p
098       $n ov=.b173569x
210  0    $a Int. pharm. abstr
222   0   $a International pharmaceutical abstracts
245  00   $a International pharmaceutical abstracts
260       $a [Washington, D.C.] : $b American Society of Hospital Pharmacists, $c [c1964-
265       $a American Society of Hospital Pharmacists, 4630 Montgomery Ave., Bethesda, Md. 20896
300       $a v. ; $c 27 cm
310       $a Semimonthly
362  0    $a Vol. 1, no. 1 (Jan. 15, 1964)-
500       $a UCSD: NO 902 FLD - CREATE 005 FROM FILEDATE PARM (06/02).
555       $a Cumulative indexes issued twice yearly
650   0   $a Pharmacy $x Abstracts $x Periodicals
710  20   $a American Society of Hospital Pharmacists
850       $a a $c br $h ZW1 I612P $e Retain all $g 1- (1964- )
901       $a UCSDb23337692 $b bml   $c -
993       $a 23337692
994       $a bml
999       $b 1 $c 950803 $d s $e   $f - $g 0

Record 23
