LDR  01379nas  2200421   45  
001  1847307
007  cr un-        
008  751121c19759999sz br0p       0   a0eng d
010       $a 75647592
012       $a 4 $b 3 $e n
022       $a 0376-8716
030       $a DADEDV
040       $a NLM $c NLM $d NSD $d DLC $d OCL $d NST $d SER $d RCS $d NST $d AIP $d NST $d AIP $d NST $d AIP $d NST $d m/c $d NST
042       $a nsdp $a lc
050   0   $a RC566.A1 $b D66
060  0    $a W1 DR565
069  1    $a D20360000
098       $n ov=.b1466677
210       $a Drug alcohol depend
222   0   $a Drug and alcohol dependence
245  00   $a Drug and alcohol dependence
260       $a Lausanne, $b Elsevier Sequoia
265       $a P.O. Box 851, 1001
300       $a v. $b ill. $c 24 cm
362  0    $a v. 1-   Sept. 1975-
500       $a UCSD: 902 FLD BEGINS WITH "0" - ADD "20" TO BEGINNING & OUTPUT AS 005 ((06/02).
690       $a Electronic journals $x Biology and medicine
710  20   $a International Council on Alcohol and Addictions
710  2    $a ScienceDirect (Online Service)
793  0    $a ScienceDirect Online Journals
850       $a a $c bkh $h W1 DR565 $g 1- (1975- )
850       $a a $c nnet $f Electronic journal $g 38- (1995- )
856  41   $3 v.38(1995)- $z Restricted to UC campuses $u http://uclibs.org/PID/2573
901       $a UCSDb2306867x $b multi $c -
902       $a 020523
993       $a 2306867x
994       $a bml $a net
999       $b 2 $c 921028 $d s $e   $f - $g 0

Record 24
