LDR  01231nas  2200349   45  
001  2946634
008  770506d19771983paufr1p       0   a0eng d
010       $a 77641359  $z sc 77000709
012       $a 2 $b 3 $i 8805 $k 1
022       $a 0145-8779
040       $a NSD $c NSD $d DLC $d NSD $d OCL $d NST $d AIP $d NSD $d NST $d AIP $d NST $d IUL $d NST
042       $a nsdp $a lc
050  00   $a PS3525.O5616 $b Z69
098       $n ov=.b1504630
210  0    $a Marianne Moore newsl
222   0   $a Marianne Moore newsletter
245  00   $a Marianne Moore newsletter
246  13   $a MMN $f spring 1977-
260       $a [Philadelphia, $b Philip H. and A. S. W. Rosenbach Foundation]
265       $a Philip H. and A. S. W. Rosenbach Foundation, 2010 DeLancey Pl., Philadelphia, PA 10103
300       $a 7 v. $b ill. $c 19 cm
310       $a Semiannual
362  0    $a v. 1-7; spring 1977-1983
500       $a UCSD: 902 DOES NOT BEGIN WITH "0" - ADD "19" TO BEGINNING & OUTPUT AS 005 (06/02).
600  10   $a Moore, Marianne, $d 1887-1972 $x Societies, periodicals, etc
710  2    $a Philip H. & A.S.W. Rosenbach Foundation
850       $a i $c ck $h PS 3525 O5616 Z69 $g 1-7 (1977-1983)
901       $a UCSDb23106633 $b cul   $c -
902       $a 990523
993       $a 23106633
994       $a cul
999       $b 1 $c 951130 $d s $e   $f - $g 0

Record 25
