LDR  01670nas  2200481   45  
001  5937082
007  cr unu        
008  800201c19809999nyubxzp       0   a0eng d
010       $a 82641457 //r85 $z sc 80001957  $z sn 80000307
012       $a 3 $b 3 $k 1 $l 1 $m 1
022  0    $a 0197-0186
030       $a NEUIDS
032       $a 008361 $b USPS
040       $a NSD $c NSD $d NLM $d DLC $d NSD $d NST $d DLC $d NSD $d DLC $d NST $d SER $d RCS $d NST $d AIP $d NST $d AIP $d DLC $d NST $d IUL $d NST $d NSD $d NST $d MYG $d NSD
042       $a lc $a nsdp
050  00   $a QP356.3 $b .N465
060  0    $a W1 NE442
069  1    $a N12530000
098       $n ov=.b1555996
210  0    $a Neurochem. int
222   0   $a Neurochemistry international
245  00   $a Neurochemistry international
260       $a Oxford ; $a New York : $b Pergamon Press,
265       $a Pergamon Press, Maxwell House, Fairview Park, Elmsford, N.Y. 10523
300       $a v. : $b ill. ; $c 25 cm
310       $a Eight no. a year, $b <1986->
321       $a Bimonthly, $b 1981-<1984>
321       $a Semiannual, $b 1980
362  1    $a Began in 1980
500       $a UCSD: 901 $a HAS UNKNOWN PREFIX, SOURCE CAN'T BE IDENTIFIED - REJECT (06/02).
690       $a Electronic journals $x Biology and medicine
710  2    $a ScienceDirect (Online Service)
793  0    $a ScienceDirect Online Journals
850       $a i $c bk $h W1 NE442 $g 1-25 (1980-1994)
850       $a a $c ba $h W1 NE442 $g 26- (1995- )
850       $a a $c nnet $f Electronic journal $g 26- (1995- )
856  41   $3 v.26(1995)- $z Restricted to UC campuses $u http://uclibs.org/PID/2416
901       $a UCXXb23157999 $b multi $c -
902       $a 020521
910       $a tsw 11/12/92 rev
993       $a 23157999
994       $a bml $a net
999       $b 2 $c 921112 $d s $e   $f - $g 0

Record 26
